<record><leader>00000cas a2200000 a 4500</leader><controlfield tag="001">44762169</controlfield><controlfield tag="008">000810d192219uuoruwr ne      0    0eng c</controlfield><datafield ind1=" " ind2=" " tag="010"><subfield code="a">sn 00063580 </subfield></datafield><datafield ind1=" " ind2=" " tag="040"><subfield code="a">OCN</subfield><subfield code="b">eng</subfield><subfield code="c">OCN</subfield><subfield code="d">ORU</subfield><subfield code="d">OCLCQ</subfield><subfield code="d">OCLCF</subfield><subfield code="d">OCLCO</subfield></datafield><datafield ind1="1" ind2=" " tag="029"><subfield code="a">AU@</subfield><subfield code="b">000021738488</subfield></datafield><datafield ind1=" " ind2=" " tag="042"><subfield code="a">pcc</subfield></datafield><datafield ind1=" " ind2=" " tag="043"><subfield code="a">n-us-or</subfield></datafield><datafield ind1="0" ind2=" " tag="130"><subfield code="a">Western American (Astoria, Or.)</subfield></datafield><datafield ind1="1" ind2="4" tag="245"><subfield code="a">The Western American.</subfield></datafield><datafield ind1=" " ind2=" " tag="260"><subfield code="a">Astoria, Or. :</subfield><subfield code="b">Western American Pub. Co.</subfield></datafield><datafield ind1=" " ind2=" " tag="300"><subfield code="a">v.</subfield></datafield><datafield ind1=" " ind2=" " tag="310"><subfield code="a">Weekly</subfield></datafield><datafield ind1="1" ind2=" " tag="362"><subfield code="a">Began in 1922.</subfield></datafield><datafield ind1=" " ind2=" " tag="500"><subfield code="a">"The Official Paper of the Invisible Empire, Knights of the Ku Klux Klan, in the Realm of Oregon."</subfield></datafield><datafield ind1=" " ind2=" " tag="500"><subfield code="a">"Official journal of the Women of the Ku Klux Klan West of the Rockies."</subfield></datafield><datafield ind1=" " ind2=" " tag="500"><subfield code="a">"Official Journal in Oregon for the Ancient and Illustrious Order Knights of Malta."</subfield></datafield><datafield ind1=" " ind2=" " tag="500"><subfield code="a">"The Official Paper of The Royal Riders of the Red Robe, Imperial Headquarters 559 Morgan Building, Portland, Oregon."</subfield></datafield><datafield ind1=" " ind2=" " tag="500"><subfield code="a">Published in Portland, Or., &lt;1922-1923&gt;.</subfield></datafield><datafield ind1=" " ind2=" " tag="530"><subfield code="a">Also issued on microfilm from University of Oregon.</subfield></datafield><datafield ind1=" " ind2=" " tag="588"><subfield code="a">Description based on: Vol. 1, no. 17 (Nov. 30, 1922).</subfield></datafield><datafield ind1=" " ind2=" " tag="588"><subfield code="a">Latest issue consulted: Vol. 2, no. 8 (Sept. 28, 1923).</subfield></datafield><datafield ind1="2" ind2="0" tag="610"><subfield code="a">Ku Klux Klan (1915- )</subfield><subfield code="z">Oregon</subfield><subfield code="z">Portland</subfield><subfield code="v">Newspapers.</subfield></datafield><datafield ind1=" " ind2="0" tag="651"><subfield code="a">Portland (Or.)</subfield><subfield code="v">Newspapers.</subfield></datafield><datafield ind1=" " ind2="0" tag="651"><subfield code="a">Astoria (Or.)</subfield><subfield code="v">Newspapers.</subfield></datafield><datafield ind1=" " ind2="7" tag="655"><subfield code="a">Newspapers.</subfield><subfield code="2">fast</subfield><subfield code="0">(OCoLC)fst01423814</subfield></datafield><datafield ind1="2" ind2="7" tag="610"><subfield code="a">Ku Klux Klan (1915- )</subfield><subfield code="2">fast</subfield><subfield code="0">(OCoLC)fst00545624</subfield></datafield><datafield ind1=" " ind2="7" tag="651"><subfield code="a">Oregon</subfield><subfield code="z">Astoria.</subfield><subfield code="2">fast</subfield><subfield code="0">(OCoLC)fst01217113</subfield></datafield><datafield ind1=" " ind2="7" tag="651"><subfield code="a">Oregon</subfield><subfield code="z">Portland.</subfield><subfield code="2">fast</subfield><subfield code="0">(OCoLC)fst01204325</subfield></datafield><datafield ind1=" " ind2=" " tag="752"><subfield code="a">United States</subfield><subfield code="b">Oregon</subfield><subfield code="c">Multnomah</subfield><subfield code="d">Portland.</subfield></datafield><datafield ind1=" " ind2=" " tag="752"><subfield code="a">United States</subfield><subfield code="b">Oregon</subfield><subfield code="c">Clatsop</subfield><subfield code="d">Astoria.</subfield></datafield></record>